
@book{phillip_koopman_better_2010,
	edition = {1.st Edition, revised 2021},
	title = {Better {Embedded} {System} {Software}},
	isbn = {979-8596008050},
	url = {http://www.koopman.us/},
	language = {English},
	urldate = {2021-02-24},
	publisher = {Carnegie Mellon University},
	author = {{Phillip Koopman}},
	year = {2010},
	file = {Better Embedded System Software:/home/matous/Zotero/storage/QHRLSAX2/www.koopman.us.html:text/html},
}
