
@online{noauthor_rust_nodate,
	title = {The Rust Programming Language - The Rust Programming Language},
	url = {https://doc.rust-lang.org/book/title-page.html},
	urldate = {2021-04-19},
	file = {The Rust Programming Language - The Rust Programming Language:/home/matous/Zotero/storage/AUEGT2PZ/title-page.html:text/html},
}

@online{noauthor_tmc2226-sa_nodate,
	title = {{TMC}2226-{SA}},
	url = {https://www.trinamic.com/products/integrated-circuits/details/tmc2226-sa/},
	abstract = {{TMC}2226-{SA}},
	titleaddon = {Trinamic},
	urldate = {2021-04-16},
	langid = {american},
	file = {Snapshot:/home/matous/Zotero/storage/A26WIAYB/tmc2226-sa.html:text/html},
}

@online{noauthor_implement_nodate,
	title = {Implement flash read/erase/program by astro · Pull Request \#239 · stm32-rs/stm32f4xx-hal},
	url = {https://github.com/stm32-rs/stm32f4xx-hal/pull/239},
	titleaddon = {{GitHub}},
	urldate = {2021-04-15},
	langid = {english},
	file = {Snapshot:/home/matous/Zotero/storage/MTPVZIEG/239.html:text/html},
}

@online{noauthor_enbd_stm32f405_1mbjpg_nodate,
	title = {en.bd\_stm32f405\_1mb.jpg ({JPEG} Image, 700 × 754 pixels)},
	url = {https://www.st.com/content/ccc/fragment/product_related/rpn_information/product_circuit_diagram/group0/d1/5f/28/7e/77/7a/49/c0/bd_stm32f405_1m/files/bd_stm32f405_1mb.jpg/_jcr_content/translations/en.bd_stm32f405_1mb.jpg},
	urldate = {2021-04-11},
	file = {en.bd_stm32f405_1mb.jpg (JPEG Image, 700 × 754 pixels):/home/matous/Zotero/storage/EEAMUM6D/en.bd_stm32f405_1mb.html:text/html},
}

@online{noauthor_tmc2100_nodate,
	title = {{TMC}2100},
	url = {https://www.trinamic.com/products/integrated-circuits/details/tmc2100/},
	abstract = {{TMC}2100},
	titleaddon = {Trinamic},
	urldate = {2021-04-11},
	langid = {american},
	file = {Snapshot:/home/matous/Zotero/storage/NB9Z9779/tmc2100.html:text/html},
}

@online{noauthor_stm32f405rg_nodate,
	title = {{STM}32F405RG - High-performance foundation line, Arm Cortex-M4 core with {DSP} and {FPU}, 1 Mbyte of Flash memory, 168 {MHz} {CPU}, {ART} Accelerator - {STMicroelectronics}},
	url = {https://www.st.com/en/microcontrollers-microprocessors/stm32f405rg.html},
	abstract = {{STM}32F405RG - High-performance foundation line, Arm Cortex-M4 core with {DSP} and {FPU}, 1 Mbyte of Flash memory, 168 {MHz} {CPU}, {ART} Accelerator, {STM}32F405RGT6TR, {STM}32F405RGT6, {STM}32F405RGT7, {STM}32F405RGT6V, {STM}32F405RGT7TR, {STM}32F405RGT6W, {STMicroelectronics}},
	urldate = {2021-04-11},
	langid = {english},
	file = {Snapshot:/home/matous/Zotero/storage/3M4PCT5T/stm32f405rg.html:text/html},
}

@online{noauthor_rust-embeddedcortex-m-rt_nodate,
	title = {rust-embedded/cortex-m-rt},
	url = {https://github.com/rust-embedded/cortex-m-rt},
	abstract = {Minimal startup / runtime for Cortex-M microcontrollers - rust-embedded/cortex-m-rt},
	titleaddon = {{GitHub}},
	urldate = {2021-04-06},
	langid = {english},
	file = {Snapshot:/home/matous/Zotero/storage/SDFQMDVK/lib.html:text/html},
}

@online{noauthor_rfc_nodate,
	title = {[{RFC}] user defined memory layout · Issue \#164 · rust-embedded/cortex-m-rt},
	url = {https://github.com/rust-embedded/cortex-m-rt/issues/164},
	abstract = {Summary Change how the memory layout of cortex-m-rt programs is defined. Let the user specify memory regions and linker sections using a high level {API} from build scripts. Background Some embedded ...},
	titleaddon = {{GitHub}},
	urldate = {2021-04-06},
	langid = {english},
	file = {Snapshot:/home/matous/Zotero/storage/4CLY8M9Z/lib.html:text/html},
}

@online{noauthor_ecorax_nodate,
	title = {{eCorax} - As above, so below: Bare metal Rust generics 1/2},
	url = {https://www.ecorax.net/as-above-so-below-1/},
	shorttitle = {{eCorax} - As above, so below},
	abstract = {Writing two flash drivers starting from an abstraction.},
	urldate = {2021-04-06},
	langid = {english},
	file = {Snapshot:/home/matous/Zotero/storage/78XEPK98/as-above-so-below-1.html:text/html},
}

@online{noauthor_flott_nodate,
	title = {Flott - Motion Control in Rust},
	url = {https://flott-motion.org/},
	urldate = {2021-04-05},
	file = {Flott - Motion Control in Rust:/home/matous/Zotero/storage/43HURUL5/flott-motion.org.html:text/html},
}

@online{noauthor_mechaduino_nodate,
	title = {Mechaduino – Tropical Labs},
	url = {https://tropical-labs.com/mechaduino/},
	urldate = {2021-04-05},
	langid = {american},
	file = {Snapshot:/home/matous/Zotero/storage/ZDCT3CSD/mechaduino.html:text/html},
}

@online{noauthor_km2renderpng_nodate,
	title = {{KM}2.render.png ({PNG} Image, 1024 × 735 pixels) — Scaled (92\%)},
	url = {https://student.robotika.ceitec.vutbr.cz/PCBS/KM2/raw/master/bin/RevB/KM2.render.png},
	urldate = {2021-04-03},
	file = {KM2.render.png (PNG Image, 1024 × 735 pixels) — Scaled (92%):/home/matous/Zotero/storage/HR7MBNC7/KM2.render.html:text/html},
}

@online{noauthor_pcbs_nodate,
	title = {{PCBS} / {KM}2},
	url = {https://student.robotika.ceitec.vutbr.cz/PCBS/KM2},
	abstract = {The {KM}2 stepped driver board},
	titleaddon = {{GitLab}},
	urldate = {2021-03-31},
	langid = {english},
	file = {Snapshot:/home/matous/Zotero/storage/6C82XQTS/KM2.html:text/html},
}

@online{noauthor_02_nodate,
	title = {02 - Platforma {KAMbot}, {GIT} (dokončení) - {BPRP} - Robotika a počítačové vidění},
	url = {https://sites.google.com/a/vutbr.cz/bprp/prednasky/2018/02},
	urldate = {2021-03-31},
	file = {Snapshot:/home/matous/Zotero/storage/IU69U8IW/02.html:text/html},
}

@online{noauthor_modul_nodate,
	title = {Modul {KM}2 - {BPRP} - Robotika a počítačové vidění},
	url = {https://sites.google.com/a/vutbr.cz/bprp/kambot/dily/modul-km2},
	urldate = {2021-03-31},
	file = {Snapshot:/home/matous/Zotero/storage/KJHA7FR6/modul-km2.html:text/html},
}

@online{noauthor_program_nodate,
	title = {Program {\textbar} Student Conference on Planning in Artificial Intelligence and Robotics},
	url = {./index.html},
	urldate = {2021-03-31},
	langid = {american},
	file = {Snapshot:/home/matous/Zotero/storage/FKVLKVER/program.html:text/html},
}

@software{noauthor_robotics-butkm3-rs_2020,
	title = {Robotics-{BUT}/{KM}3-rs},
	rights = {{MIT} License         ,                 {MIT} License},
	url = {https://github.com/Robotics-BUT/KM3-rs},
	abstract = {Rust firmware for the {KM}3 stepper motor controller.},
	publisher = {{BUT} {FEEC} Robotics},
	urldate = {2021-03-31},
	date = {2020-12-31},
	note = {original-date: 2020-10-18T19:51:28Z},
}

@software{noauthor_robotics-butdcmotor-firmware_2021,
	title = {Robotics-{BUT}/{DCMotor}-firmware},
	rights = {{MIT} License         ,                 {MIT} License},
	url = {https://github.com/Robotics-BUT/DCMotor-firmware},
	abstract = {Rust firmware for the {DC} motor controller. Contribute to Robotics-{BUT}/{DCMotor}-firmware development by creating an account on {GitHub}.},
	publisher = {{BUT} {FEEC} Robotics},
	urldate = {2021-03-31},
	date = {2021-02-06},
	note = {original-date: 2020-09-27T19:09:49Z},
}

@online{noauthor_heartbleed_nodate,
	title = {Heartbleed Bug},
	url = {https://heartbleed.com/},
	urldate = {2021-03-31},
	file = {Heartbleed Bug:/home/matous/Zotero/storage/49D275IC/heartbleed.com.html:text/html},
}

@online{noauthor_memory_nodate,
	title = {Memory safety - The Chromium Projects},
	url = {https://www.chromium.org/Home/chromium-security/memory-safety},
	abstract = {Home of the Chromium Open Source Project},
	urldate = {2021-03-31},
	file = {Snapshot:/home/matous/Zotero/storage/EEY5ZKJC/memory-safety.html:text/html},
}

@online{noauthor_akins_nodate,
	title = {Akin's Laws of Spacecraft Design},
	url = {https://spacecraft.ssl.umd.edu/akins_laws.html},
	urldate = {2021-02-24},
	file = {Akin's Laws of Spacecraft Design:/home/matous/Zotero/storage/IK7R9E2T/akins_laws.html:text/html},
}

@book{phillip_koopman_better_2010,
	edition = {1.st Edition, revised 2021},
	title = {Better Embedded System Software},
	isbn = {979-8596008050},
	url = {http://www.koopman.us/},
	pagetotal = {384},
	publisher = {Carnegie Mellon University},
	author = {{Phillip Koopman}},
	urldate = {2021-02-24},
	date = {2010},
	file = {Better Embedded System Software:/home/matous/Zotero/storage/QHRLSAX2/www.koopman.us.html:text/html},
}